@InProceedings{pathologies_thresholding,
author="Urcid, Gonzalo
and Lara-R, Luis David
and L{\'o}pez-M, Elizabeth",
editor="Ao, Sio-Iong
and Kim, Haeng Kon
and Amouzegar, Mahyar A.",
title="Pathologies Segmentation in Eye Fundus Images Based on Frequency Domain Filters",
booktitle="Transactions on Engineering Technologies",
year="2017",
publisher="Springer Singapore",
address="Singapore",
pages="137--151",
abstract="This chapter presents a novel method based on discrete frequency transforms to segment various pathologies in eye fundus color images such as exudates, blood vessels, and aneurysms. Non-uniform illuminated eye fundus images are corrected by applying a homomorphic high-pass frequency filter. Then, a super-Gaussian band-pass filter defined in the frequency transform domain is used to distinguish between background and foreground objects. The filtering step works with the green channel that usually contains the most relevant information to segment different pathologies. Specifically, exudates detection after transform inversion of the filtered image requires a gamma correction to enhance foreground objects. Otsu's thresholding method is applied to the enhanced image and masked over the effective area to get the segmented exudates. For blood vessels and aneurysms, back in the spatial domain, the negative of the filtered image is required. Then a median filter is applied to reduce noise or artifacts followed by gamma contrast enhancement. Again, Otsu's thresholding method is used for image binarization. Next a morphological closing operation is applied and masking the effective image area gives the segmented blood vessels or aneurysms. Illustrative examples using retinographies from a free public domain clinical database are included to demonstrate the capability of the frequency filter approach.",
isbn="978-981-10-2717-8"
}

@ARTICLE{anisotropic_dermoscopy,
author={H. Zhou and G. Schaefer and A. H. Sadka and M. E. Celebi},
journal={IEEE Journal of Selected Topics in Signal Processing},
title={Anisotropic Mean Shift Based Fuzzy C-Means Segmentation of Dermoscopy Images},
year={2009},
volume={3},
number={1},
pages={26-34},
abstract={Image segmentation is an important task in analysing dermoscopy images as the extraction of the borders of skin lesions provides important cues for accurate diagnosis. One family of segmentation algorithms is based on the idea of clustering pixels with similar characteristics. Fuzzy c-means has been shown to work well for clustering based segmentation, however due to its iterative nature this approach has excessive computational requirements. In this paper, we introduce a new mean shift based fuzzy c-means algorithm that requires less computational time than previous techniques while providing good segmentation results. The proposed segmentation method incorporates a mean field term within the standard fuzzy c-means objective function. Since mean shift can quickly and reliably find cluster centers, the entire strategy is capable of effectively detecting regions within an image. Experimental results on a large dataset of diverse dermoscopy images demonstrate that the presented method accurately and efficiently detects the borders of skin lesions.},
keywords={biomedical optical imaging;cancer;edge detection;fuzzy logic;image segmentation;medical image processing;pattern clustering;skin;anisotropic mean shift;clustering based segmentation;dermoscopy image analysis;dermoscopy image segmentation;fuzzy c-means clustering;mean field term;pixel clustering;segmentation algorithm;skin lesion border extraction;standard fuzzy c-means objective function;Anisotropic magnetoresistance;Clustering algorithms;Image analysis;Image segmentation;Iterative algorithms;Lesions;Malignant tumors;Signal processing algorithms;Skin cancer;State estimation;Dermoscopy;fuzzy c-means;image segmentation;mean shift;melanoma;skin cancer},
doi={10.1109/JSTSP.2008.2010631},
ISSN={1932-4553},
month={Feb},}

@INPROCEEDINGS{region_growing,
author={W. Y. Ma and B. S. Manjunath},
booktitle={Proceedings of IEEE Computer Society Conference on Computer Vision and Pattern Recognition},
title={Edge flow: A framework of boundary detection and image segmentation},
year={1997},
volume={},
number={},
pages={744-749},
abstract={A novel boundary detection scheme based on “edge flow” is proposed in this paper. This scheme utilizes a predictive coding model to identify the direction of change in color and texture at each image location at a given scale, and constructs an edge flow vector. By iteratively propagating the edge flow, the boundaries can be detected at image locations which encounter two opposite directions of flow in the stable state. A user defined image scale is the only significant control parameter that is needed by the algorithm. The scheme facilitates integration of color and texture into a single framework for boundary detection},
keywords={edge detection;encoding;image segmentation;image sequences;boundary detection;edge flow vector;image location;image locations;image segmentation;predictive coding model;user defined image scale;Clustering algorithms;Detectors;Filters;Image edge detection;Image segmentation;Labeling;Object detection;Predictive coding;Predictive models;World Wide Web},
doi={10.1109/CVPR.1997.609409},
ISSN={1063-6919},
month={Jun},}

@misc{watershed_citation,
 author  = {claudiu},
 title   = {Image Segmentation with Watershed, C++, OpenCV 3.X and CUDA},
 month   = {April},
 year    = {2016},
 urlseen = {05-06-18},
 url     = {http://www.coldvision.io/wp-content/uploads/2016/04/image_segmentation_logo.jpg},
 note = {[Online; acessado em 06-Abril-18]},
}

@article{silva2013caracterizaccao,
  title={Caracterização de amêndoas e chocolate de diferentes variedades de cacau visando a melhoria da qualidade tecnológica},
  author={Silva, Adriana Reis de Andrade and others},
  year={2013},
  publisher={[sn]}
}



%International Organization for Standardization -

@techreport{iso_cut_test_1114,
 author = {{ISO 1114:}},
 Institution = {International Organization for Standardization},
 address = {Geneva, Switzerland},
 Title = {Cocoa beans -- Cut test},
 number = {1114:2017},
 Type = {ISO},
Year = {1977},
 url     = {https://www.iso.org/standard/5637.html},
 note = {[Online; acessado em 18-Junho-18]}
 }

@techreport{iso_cut_test_2292,
 author = {{ISO 2292:}},
 Institution = {International Organization for Standardization},
 address = {Geneva, Switzerland},
 Title = {Cocoa beans -- Sampling},
 number = {2292:2017},
 Type = {ISO},
 Year = {2017},
 url     = {https://www.iso.org/standard/68203.html},
 note = {[Online; acessado em 18-Junho-18]}
 }


@misc{opencv_python_api,
 author  = {OpenCV-Python},
 title   = {Python API for OpenCV},
 month   = {November},
 year    = {2014},
 urlseen = {06-18-2018},
 url     = {https://docs.opencv.org/3.0-beta/doc/py_tutorials/py_setup/py_intro/py_intro.html#intro},
 note = {[Online; acessado em 18-Junho-18]},
}

@misc{opencv,
 author  = {OpenCV},
 title   = {OpenCV Library},
 month   = {October},
 year    = {2018},
 urlseen = {10-10-2018},
 url     = {https://opencv.org/},
 note = {[Online; acessado em 10-Outubro-18]},
}

@misc{opencv_definicao_embarcadero,
 author  = {Leandro Passarelli},
 title   = {Aplicação de visão computacional com OpenCV},
 month   = {January},
 year    = {2017},
 urlseen = {19-06-18},
 url     = {https://www.embarcados.com.br/aplicacao-de-visao-computacional-com-opencv/},
 note = {[Online; acessado em 19-Junho-18]},
}

@misc{opencv_gaussian_blur,
 author  = {OpenCV},
 title   = {Smoothing Images},
 month   = {December},
 year    = {2015},
 urlseen = {20-06-18},
 url     = {https://docs.opencv.org/3.1.0/d4/d13/tutorial_py_filtering.html},
 note = {[Online; acessado em 20-Junho-18]},
}

@misc{opencv_morphological_transformation,
 author  = {OpenCV},
 title   = {Morphological Transformations},
 month   = {November},
 year    = {2014},
 urlseen = {20-06-18},
 url     = {https://docs.opencv.org/3.0-beta/doc/py_tutorials/py_imgproc/py_morphological_ops/py_morphological_ops.html},
 note = {[Online; acessado em 20-Junho-18]},
}

@misc{statcounter,
 author  = {Statcounter},
 title   = {Operating System Market Share Worldwide},
 month   = {October},
 year    = {2018},
 urlseen = {10-10-18},
 url     = {http://gs.statcounter.com/os-market-share},
 note = {[Online; acessado em 10-Outubro-18]},
}

@misc{imasters_junior,
 author  = {Junior Abranches},
 title   = {Aplicativos e desenvolvimento mobile híbrido x nativo},
 month   = {June},
 year    = {2018},
 urlseen = {10-10-18},
 url     = {https://imasters.com.br/desenvolvimento/aplicativos-e-desenvolvimento-mobile-hibrido-x-nativo},
 note = {[Online; acessado em 10-Outubro-18]},
}

@misc{opencv_bitwise,
 author  = {pyro},
 title   = {Extract an ellipse form from an image},
 month   = {Dec},
 year    = {2013},
 urlseen = {20-06-18},
 url     = {http://answers.opencv.org/question/25523/extract-an-ellipse-form-from-an-image-instead-of-drawing-it-inside/},
 note = {[Online; acessado em 20-Junho-18]},
}

@misc{opencv_conturs,
 author  = {Adrian Rosebrock},
 title   = {Finding extreme points in contours with OpenCV},
 month   = {April},
 year    = {2016},
 urlseen = {20-06-18},
 url     = {https://www.pyimagesearch.com/2016/04/11/finding-extreme-points-in-contours-with-opencv/},
 note = {[Online; acessado em 20-Junho-18]},
}

@misc{opencv_android_pack,
 author  = {OpenCV},
 title   = {OpenCV for Android SDK},
 month   = {October},
 year    = {2018},
 urlseen = {10-10-18},
 url     = {https://opencv.org/platforms/android/},
 note = {[Online; acessado em 10-Outubro-18]},
}

@misc{readmonk,
 author  = {ReadMonk},
 title   = {RedMonk Top 20 Languages Over Time: June 2018},
 month   = {June},
 year    = {2018},
 urlseen = {10-10-18},
 url     = {https://redmonk.com/rstephens/2018/08/13/redmonk-top-20-languages-over-time-june-2018/},
 note = {[Online; acessado em 10-Outubro-18]},
}

@misc{wiki_java,
 author  = {Wikipedia},
 title   = {Java (programming language)},
 month   = {November},
 year    = {2018},
 urlseen = {10-10-18},
 url     = {https://en.wikipedia.org/wiki/Java_(programming_language)},
 note = {[Online; acessado em 10-Outubro-18]},
}

@techreport{Anuario:2016,
 author = { {Mendes et al.}, Letícia }, 
 Institution = {Secretaria de Desenvolvimento Agropecuário e da Pesca - Governo do Pará, Brasil.},
 editor={Editora Gazeta Santa Cruz},
 address = {Santa Cruz do Sul, RS},
 Title = {Anuário brasileiro do cacau 2016},
 number = {2016},
Year = {2016},
 url     = {http://www.editoragazeta.com.br/produto/anuario-brasileiro-do-cacau-2016},
 note = {[Online; acessado em 19-maio-17]}
 }

@monography{Feitosa:2016,
 author  = {Feitosa, Rafael},
 title   = {Avaliação microscópica de características internas em amêndoas de cacau},
 year    = {2016},
 school  = {Universidade Estadual de Santa Cruz},
 address = {Ilhéus, BA},
 type    = {TCC}
 }
 
 @monography{Prabhat:2018,
 author  = {Prabhát Kumar de Oliveira},
 title   = {Segmentação de amêndoas de cacau e identificação de atributos para a automatização da prova de corte},
 year    = {2018},
 school  = {Universidade Estadual de Santa Cruz},
 address = {Ilhéus, BA},
 type    = {TCC}
 }

@techreport{guia_beneficiamento_cacau_2013,
 author = { FERREIRA, A. C. R. and AHNERT, D. and MELO NETO, B. A. de. and MELLO, D. L. N.}, 
 Title = {Guia de beneficiamento de cacau de qualidade.},
 number = {2013},
Year = {2013},
 url     = {http://nbcgib.uesc.br/cicacau/arquivos/producao_tecnico_cientifica/[1]guia-beneficiamento-2.pdf},
 note = {[Online; acessado em 19-maio-17]}
 }
 
 @techreport{Donadel:2009,
 author = {André Coleho Donadel and Jane Lucia Silva Santos and Leonardo Leocádio C. de Souza and Gregorio Varvakis}, 
 Title = {Qualidade no desenvolvimento de software: Uma abordagem a partir da qualidade em serviço},
 number = {2009},
Year = {2009},
 url     = {http://www.convibra.com.br/2009/artigos/221_0.pdf},
 note = {[Online; acessado em 20-setembro-18]}
 }
 
 @techreport{Ruggieri:2016,
 author = {Ruggero Ruggieri}, 
 Title = {Análise sobre a ISO 9126 – NBR 13596},
 number = {2016},
 Year = {2016},
 url = {https://www.tiespecialistas.com.br/analise-sobre-iso-9126-nbr-13596/},
 note = {[Online; acessado em 20-setembro-18]}
 }
 
 @techreport{cocoa_quality_requeriments_2016,
 author = {CAOBISCO/ECA/FCC}, 
 Title = {Cocoa Beans Industry Quality Requirements},
 number = {2015},
Year = {2015},
 url     = {http://www.cocoaquality.eu/data/Cocoa Beans Industry Quality Requirements Apr 2016_En.pdf},
 note = {[Online; acessado em 19-maio-17]}
 }
 
 @techreport{cartilha_ceplac,
 author = {CEPLAC}, 
 Title = {Melhoria da qualidade do cacau},
 number = {2011},
Year = {2011},
 url     = {http://www.ceplac.gov.br/restrito/publicacoes/cartilhas/CT_04.pdf},
 note = {[Online; acessado em 19-maio-17]}
 }
 
@techreport{folder_beneficiamento_ceplac,
author = {CEPLAC}, 
Title = {Beneficiamento primário do cacau},
number = {2011},
Year = {2011},
url     = {http://www.ceplacpa.gov.br/site/wp-content/uploads/2010/09/FOLDER Beneficiamento do Cacau 2010.pdf},
note = {[Online; acessado em 19-maio-17]}
}

@techreport{folder_beneficiamento_ceplac,
author = {CEPLAC}, 
Title = {Beneficiamento primário do cacau},
number = {2011},
Year = {2011},
url     = {http://www.ceplacpa.gov.br/site/wp-content/uploads/2010/09/FOLDER Beneficiamento do Cacau 2010.pdf},
note = {[Online; acessado em 19-maio-17]}
}

@article{cruz2013caracterizaccao,
  title={Caracteriza{\c{c}}{\~a}o das sementes de variedades de cacau Theobroma cacao L. resistentes {\`a} vassoura de bruxa durante a fermenta{\c{c}}{\~a}o e ap{\'o}s a secagem},
  author={Cruz, Jaqueline Fontes Moreau},
  year={2013}
}

@techreport{tutorial_threshold,
author = {OpenCV}, 
Title = {Basic Thresholding Operations},
number = {s. d.},
Year = {s. d.},
url     = {https://docs.opencv.org/3.4/d7/d4d/tutorial_py_thresholding.html},
note = {[Online; acessado em 11-março-18]}
}

@techreport{teoria_sobel,
author = {The University of Auckland - New Zealand}, 
Title = {Edge Detection},
number = {2018},
Year = {2018},
url     = {https://www.cs.auckland.ac.nz/courses/compsci373s1c/PatricesLectures/Edge detection-Sobel_2up.pdf},
note = {[Online; acessado em 11-março-18]}
}

@techreport{scrum:2018,
author = {Scrum}, 
Title = {What is SCRUM?},
number = {2018},
Year = {2018},
url     = {https://www.scrum.org/resources/what-is-scrum},
note = {[Online; acessado em 30-março-18]}
}

@techreport{fcamera:2018,
author = {FCamera}, 
Title = {4 empresas que utilizam a metodologia Scrum em seus projetos},
number = {2018},
Year = {2018},
url     = {http://blog.fcamara.com.br/4-empresas-que-utilizam-a-metodologia-scrum-em-seus-projetos},
note = {[Online; acessado em 06-agosto-18]}
}

@techreport{sutherland:2014,
author = {Jeff Sutherland},
editor = {Texto Editores Ltda},
address = {São Paulo, SP},
Title = {Scrum. A arte de Fazer o Dobro do Trabalho na Metade do Tempo},
number = {2014},
Year = {2014}
}

@techreport{espacos_de_cor,
author = {Eduardo L. L. Cabral}, 
Title = {Visão Computacional
Espaços de cores},
number = {s.d.},
Year = {s.d.},
url     = {https://edisciplinas.usp.br/pluginfile.php/4228115/mod_resource/content/0/V3 - Representação de cores.pdf},
note = {[Online; acessado em 20-junho-18]}
}

@techreport{cor_RGB,
author = {Wikimedia Commons}, 
Title = {Gallery Slideshow
File:RGB color solid cube.png},
number = {2016},
Year = {2016},
url     = {https://commons.wikimedia.org/wiki/File:RGB_color_solid_cube.png},
note = {[Online; acessado em 20-junho-18]}
}

@techreport{cor_HSV,
author = {Wikimedia Commons}, 
Title = {File:HSV color solid cone.png},
number = {2016},
Year = {2016},
url     = {https://commons.wikimedia.org/wiki/File:HSV_color_solid_cone.png},
note = {[Online; acessado em 20-junho-18]}
}

@techreport{teoria_laplacian,
author = {Utkarsh Sinha}, 
Title = {The Sobel and Laplacian Edge Detectors},
number = {2010?},
Year = {2010?},
url     = {http://www.aishack.in/tutorials/sobel-laplacian-edge-detectors/},
note = {[Online; acessado em 11-março-18]}
}

@techreport{macoratti:2018,
author = {José Carlos Macoratti}, 
Title = {Artigos de Tecnologia da Informação},
number = {2018},
Year = {2018},
url = {www.macoratti.net},
note = {[Online; acessado em 30-março-18]}
}

@techreport{balthazar:2016,
author = {Glauber da Rocha Balthazar and Fábio Mendes Tamos Guimarães and Melise Maria Veiga de Paula and Elio Lovisi Filho}, 
Title = {Uma abordagem prática sobre a aplicação do padrão MVC com o framework Struts},
number = {2016},
Year = {2016},
school = {Faculdade Metodista Granbery},
address = {Juiz de Fora, MG}
}

@techreport{eusoudev,
author = {Eusoudev}, 
Title = {O processo de automação com testes},
number = {2018},
Year = {2018},
url     = {https://www.eusoudev.com.br/tdd},
note = {[Online; acessado em 13-agosto-18]}
}

@techreport{medium,
author = {Medium}, 
Title = {TDD – Test Driven Development},
number = {2018},
Year = {2018},
url     = {https://medium.com/tableless/tdd-test-driven-development-71ad9a69d465},
note = {[Online; acessado em 13-agosto-18]}
}

@techreport{opencv_usage_models,
author = {OpenCV}, 
Title = {OpenCV4Android usage models},
number = {2018},
Year = {2018},
url     = {https://opencv.org/platforms/android/opencv4android-usage-models.html},
note = {[Online; acessado em 13-agosto-18]}
}

@techreport{wiki_android,
author = {Wikipédia}, 
Title = {Android},
number = {2018},
Year = {2018},
url     = {https://pt.wikipedia.org/wiki/Android},
note = {[Online; acessado em 10-agosto-18]}
}

@techreport{haselt,
author = {Haselt}, 
Title = {Coding Dojo with TDD},
number = {2018},
Year = {2018},
url     = {https://haselt.com/coding-dojo-with-tdd},
note = {[Online; acessado em 13-agosto-18]}
}

@techreport{teoria_canny,
author = {OpenCV}, 
Title = {Canny Edge Detector},
number = {2014?},
Year = {2014?},
url     = {https://docs.opencv.org/2.4/doc/tutorials/imgproc/imgtrans/canny_detector/canny_detector.html},
note = {[Online; acessado em 11-março-18]}
}

@techreport{lenna_sorderberg,
author = {Dwight Hooker}, 
Title = {Miss November},
number = {1972},
Year = {1972},
url     = {http://www.lenna.org/},
note = {[Online; acessado em 12-julho-18]}
}

@techreport{tutorial_kernel,
author = {OpenCV}, 
Title = {Making your own linear filters},
number = {2014?},
Year = {2014?},
url     = {https://docs.opencv.org/2.4/doc/tutorials/imgproc/imgtrans/filter_2d/filter_2d.html},
note = {[Online; acessado em 20-junho-18]}
}

% A partir daqui as referências de Thales

% lachtim2009trabalho
@article{ferreira2009trabalhojovem,
  title={Trabalho de jovens estudantes de uma escola p{\'u}blica: fortalecimento ou desgaste?},
  author={Lachtim, Sheila Aparecida Ferreira and Soares, C{\'a}ssia Baldini},
  journal={Revista Brasileira de Enfermagem},
  volume={62},
  number={2},
  pages={179--186},
  year={2009},
  publisher={Associa{\c{c}}{\~a}o Brasileira de Enfermagem}
}

% ribeiro2005projeto
@article{ribeiro2005evasao,
  title={O projeto profissional familiar como determinante da evas{\~a}o universit{\'a}ria-um estudo preliminar},
  author={Ribeiro, Marcelo Afonso},
  journal={Revista Brasileira de Orienta{\c{c}}{\~a}o Profissional},
  volume={6},
  number={2},
  pages={55--70},
  year={2005},
  publisher={Associa{\c{c}}{\~a}o Brasileira de Orienta{\c{c}}{\~a}o Profissional}
}

% junior2006construccao
@article{zaneti2005construcao,
  title={Constru{\c{c}}{\~a}o de sistemas de informa{\c{c}}{\~a}o baseados na Tecnologia Web},
  author={Junior, Luiz Antonio Zaneti and da Rocha Vida, Antonio Geraldo},
  journal={RAUSP MANAGEMENT JOURNAL},
  volume={41},
  number={3},
  pages={232--244},
  year={2006}
}

% berners1994world
@article{lee1994www,
  title={World Wide Web},
  author={Berners-Lee, Tim and Dimitroyannis, Dimitri and Mallinckrodt, A John and McKay, Susan},
  journal={Computers in Physics},
  volume={8},
  number={3},
  pages={298--299},
  year={1994},
  publisher={AIP}
}

@article{sousa2016desenvolvimento,
  title={Uesc 360º: Desenvolvimento do portfólio virtual de
competências da Universidade Estadual de Santa Cruz},
  author={André Luiz Cardoso de Sousa and Gesil Sampaio Amarante Segundo},
  year={2016},
  publisher={[sn]}
}

% pandey2013responsive
@inproceedings{pandey2013responsive,
  title={Responsive design for transaction banking-a responsible approach},
  author={Pandey, Sumit},
  booktitle={Proceedings of the 11th Asia Pacific Conference on Computer Human Interaction},
  pages={291--295},
  year={2013},
  organization={ACM}
}

% purer2009php
@article{purer2009phpvspythonvsruby,
  title={PHP vs. Python vs. Ruby--The web scripting language shootout},
  author={Purer, Klaus},
  journal={Vienna University of Technology},
  year={2009}
}

@misc{siteruby,
 author  = {Yukihiro Matsumoto},
 title   = {Ruby Language Official Website},
 month   = {December},
 year    = {2019},
 urlseen = {16-12-19},
 url     = {http://www.ruby-lang.org/en/},
 note = {[Online; acessado em 16-December-19]},
}

@misc{frameworkwikipedia,
   author = {Wikipédia},
   title = {Framework --- Wikipédia{,} a enciclopédia livre},
   year = {2019},
   url = {https://pt.wikipedia.org/w/index.php?title=Framework&oldid=55285341},
   note = {[Online; accessed 26-maio-2019]},
 }

% plekhanova2009evaluating
@article{plekhanova2009evaluating,
  title={Evaluating web development frameworks: Django, Ruby on Rails and CakePHP},
  author={Plekhanova, Julia},
  journal={Institute for Business and Information Technology},
  year={2009}
}

% verma2014mvc
@article{verma2014mvc,
  title={MVC Architecture: A Comparative Study Between Ruby on Rails and Laravel},
  author={Verma, Archit},
  journal={Indian Journal of Computer Science and Engineering (IJCSE)},
  volume={5},
  number={5},
  pages={196--198},
  year={2014}
}

@misc{bootstrapwikipedia,
   author = "Wikipédia",
   title = "Bootstrap (framework front-end) --- Wikipédia{,} a enciclopédia livre",
   year = "2019",
   url = "https://pt.wikipedia.org/w/index.php?title=Bootstrap_(framework_front-end)&oldid=56866098",
   note = "[Online; accessed 2-dezembro-2019]"
 }

% nilesh2014review
@article{jain2014review,
  title={Review of different responsive CSSfront-end Frameworks},
  author={Nilesh, J},
  journal={Journal of Global Research in Computer Science},
  volume={5},
  number={11},
  year={2014}
}

% ceri2012logic
@book{ceri2013logic,
  title={Logic programming and databases},
  author={Ceri, Stefano and Gottlob, Georg and Tanca, Letizia},
  year={2012},
  publisher={Springer Science \& Business Media}
}

% mohamed2014relational
@article{mohamed2014relationalvsnosql,
  title={Relational vs. nosql databases: A survey},
  author={Mohamed, Mohamed A and Altrafi, Obay G and Ismail, Mohammed O},
  journal={International Journal of Computer and Information Technology},
  volume={3},
  number={03},
  pages={598--601},
  year={2014}
}

@misc{engenhariawikipedia,
   author = "Wikipédia",
   title = "Engenharia de software --- Wikipédia{,} a enciclopédia livre",
   year = "2019",
   url = "https://pt.wikipedia.org/w/index.php?title=Engenharia_de_software&oldid=56626018",
   note = "[Online; accessed 3-novembro-2019]"
 }

% travassos2002introduccao
@article{travassos2002introducao,
  title={Introdu{\c{c}}{\~a}o {\`a} engenharia de software experimental},
  author={Travassos, Guilherme Horta and Gurov, Dmytro and Amaral, EAGG},
  year={2002},
  publisher={UFRJ}
}

% leff2001web
@inproceedings{leff2001webmvc,
  title={Web-application development using the model/view/controller design pattern},
  author={Leff, Avraham and Rayfield, James T},
  booktitle={Proceedings fifth ieee international enterprise distributed object computing conference},
  pages={118--127},
  year={2001},
  organization={IEEE}
}

% burbeck1992applications
@article{burbeck1997applications,
  title={Applications programming in smalltalk-80 (tm): How to use model-view-controller (mvc)},
  author={Burbeck, Steve},
  journal={Smalltalk-80 v2},
  volume={5},
  pages={1--11},
  year={1992}
}

% mathur1991performance
@inproceedings{mathur1991performance,
  title={Performance, effectiveness, and reliability issues in software testing},
  author={Mathur, Aditya P},
  booktitle={[1991] Proceedings The Fifteenth Annual International Computer Software \& Applications Conference},
  pages={604--605},
  year={1991},
  organization={IEEE}
}

% nidhra2012black
@article{nidhra2012black,
  title={Black box and white box testing techniques-a literature review},
  author={Nidhra, Srinivas and Dondeti, Jagruthi},
  journal={International Journal of Embedded Systems and Applications (IJESA)},
  volume={2},
  number={2},
  pages={29--50},
  year={2012}
}

% fitzgerald2006transformation
@article{fitzgerald2006transformation,
  title={The transformation of open source software},
  author={Fitzgerald, Brian},
  journal={MIS quarterly},
  pages={587--598},
  year={2006},
  publisher={JSTOR}
}

@article{nyman2011forking,
  title={Forking: the invisible hand of sustainability in open source software},
  author={Nyman, Linus Morten and Mikkonen, Tommi and Lindman, Juho and Foug{\`e}re, Martin and others},
  journal={Proceedings of SOS 2011: Towards Sustainable Open Source Towards Sustainable Open Source},
  year={2011}
}

% heron2013open
@article{heron2013open,
  title={Open source and accessibility: advantages and limitations},
  author={Heron, Michael and Hanson, Vicki L and Ricketts, Ian},
  journal={Journal of interaction Science},
  volume={1},
  number={1},
  pages={2},
  year={2013},
  publisher={SpringerOpen}
}

% bastos2018marketing
@article{bastos2018marketing,
  title={Marketing de Relacionamento: estudo sobre o gerenciamento de feedbacks onlines em restaurantes de S{\~a}o Lu{\'\i}s no aplicativo iFood},
  author={BASTOS, Aline Caroline Barros},
  year={2018},
  publisher={UFMA}
}

% sommerville2007engenharia
@article{sommerville2007engenharia,
  title={Engenharia de Software, 8 edi{\c{c}}{\~a}o},
  author={Sommerville, Ian},
  journal={Pearson, Addison Wesley},
  volume={8},
  number={9},
  pages={10},
  year={2007}
}

@article{crowston2003defining,
  title={Defining open source software project success},
  author={Crowston, Kevin and Annabi, Hala and Howison, James},
  journal={ICIS 2003 Proceedings},
  pages={28},
  year={2003}
}

@article{grimshaw2019resumen,
  title={Resumen ejecutivo},
  author={Grimshaw, Damian and K{\"u}hn, Stefan and Milasi, Santo},
  journal={World Employment and Social Outlook},
  volume={2019},
  number={1},
  pages={i--3},
  year={2019},
  publisher={Wiley Online Library}
}



@Comment{jabref-meta: databaseType:bibtex;}
